@book{pedrini2008analise,
	title={An{\'a}lise de imagens digitais: princ{\'\i}pios, algoritmos e aplica{\c{c}}{\~o}es},
	author={Pedrini, H{\'e}lio and Schwartz, William Robson},
	year={2008},
	publisher={Thomson Learning}
}

@article{zhuang2006parameter,
	title={Parameter optimization of kernel-based one-class classifier on imbalance learning},
	author={Zhuang, Ling and Dai, Honghua},
	journal={Journal of Computers},
	volume={1},
	number={7},
	pages={32--40},
	year={2006},
	publisher={Citeseer}
}

@book{gonzalez2010processamento,
	title={Processamento Digital de Imagens},
	author={Gonzalez, Rafael C and Woods, Richard C},
	year={2010},
	publisher={Pearson Prentice Hall}
}

@phdthesis{carvalho2006desenvolvimento,
	title={Desenvolvimento de um sistema {\'o}ptico para retinografia e angiografia digital},
	author={Carvalho, {\'E}rica Gabriela de},
	year={2006},
	doi = {10.11606/D.76.2006.tde-03062014-143104},
	school={Instituto de Física de São Carlos, Universidade de S{\~a}o Paulo}
}

@phdthesis{veras2014detecccao,
	title={Detec{\c{c}}{\~a}o e segmenta{\c{c}}{\~a}o de estruturas em imagens m{\'e}dicas de retina},
	author={Veras, Rodrigo de Melo Souza},
	school = {Programa de Pós-Graduação em Engenharia de Teleinformática, Universidade Federal do Ceará},
	year={2014}
}

@PhdThesis{BRAZ:2014,
	author = {Junior Braz, Geraldo.},
	title = {Detecção de regiões de massas em mamografias usando índices de diversidade, geoestatística e geometria côncava.},
	OPTtype = {Tese de Doutorado},
	school = {Universidade Federal do Maranhão, Programa de Pós-Graduação em Engenharia de Eletricidade. São Luis - MA},
	year = {2014},
	date = {2014}	
}

@PhdThesis{gomes:2017,
	author = {J{\'U}NIOR GOMES, Daniel Lima.},
	title = {Metodologia para constru{\c{c}}{\~a}o de aplica{\c{c}}{\~o}es de rv e ra com marcadores naturais em cen{\'a}rios industriais.},
	OPTtype = {Tese de Doutorado},
	school = {Universidade Federal do Maranhão, Programa de Pós-Graduação em Engenharia de Eletricidade. São Luis - MA},
	year = {2017},
	date = {2017}	
}

@article{lemp2007definition,
    title = "The Definition and Classification of Dry Eye Disease: Report of the Definition and Classification Subcommittee of the International Dry Eye Workshop (2007)",
    author={Lemp, Michael A and Baudouin, Christophe and Baum, Jules and Dogru, Murat and Foulks, Gary N and Kinoshita, Shigeru and Laibson, Peter and McCulley, James and Murube, Juan and Pflugfelder, Stephen C and others},
    journal = "The Ocular Surface",
    volume = "5",
    number = "2",
    pages = "75 - 92",
    year = "2007",
    issn = "1542-0124",
    doi = "https://doi.org/10.1016/S1542-0124(12)70081-2",
    url = "http://www.sciencedirect.com/science/article/pii/S1542012412700812"
}

@article{rolando2001ocular,
    title = "The Ocular Surface and Tear Film and Their Dysfunction in Dry Eye Disease",
    journal = "Survey of Ophthalmology",
    volume = "45",
    pages = "S203 - S210",
    year = "2001",
    issn = "0039-6257",
    doi = "https://doi.org/10.1016/S0039-6257(00)00203-4",
    url = "http://www.sciencedirect.com/science/article/pii/S0039625700002034",
    author = "Maurizio Rolando and Manfred Zierhut",
    keywords = "dry eye disease, homeostasis, lacrimal gland, ocular surface, tear film"
}

@book{korb2002tear,
  title={The tear film: structure, function, and clinical examination},
  author={Korb, Donald R},
  year={2002},
  publisher={Elsevier Health Sciences}
}

@article{bron2004functional,
    title = "Functional aspects of the tear film lipid layer",
    journal = "Experimental Eye Research",
    volume = "78",
    number = "3",
    pages = "347 - 360",
    year = "2004",
    note = "Special issue in honour of David Maurice",
    issn = "0014-4835",
    doi = "https://doi.org/10.1016/j.exer.2003.09.019",
    url = "http://www.sciencedirect.com/science/article/pii/S0014483503003038",
    author = "A.J. Bron and J.M. Tiffany and S.M. Gouveia and N. Yokoi and L.W. Voon"
}

@article{doane1989instrument,
  title={An instrument for in vivo tear film interferometry.},
  author={Doane, Marshall G},
  journal={Optometry and Vision Science},
  volume={66},
  number={6},
  pages={383--388},
  year={1989},
  publisher={LWW}
}

@article{thai2004effect,
  title={Effect of contact lens materials on tear physiology},
  author={Thai, Lee Choon and Tomlinson, Alan and Doane, Marshall G},
  journal={Optometry and Vision Science},
  volume={81},
  number={3},
  pages={194--204},
  year={2004},
  publisher={LWW}
}

@Article{remeseiro2015automatic,
    author="Remeseiro, Beatriz
    and Oliver, Katherine M.
    and Tomlinson, Alan
    and Martin, Eilidh
    and Barreira, Noelia
    and Mosquera, Antonio",
    title="Automatic grading system for human tear films",
    journal="Pattern Analysis and Applications",
    year="2015",
    month="Aug",
    day="01",
    volume="18",
    number="3",
    pages="677--694",
    issn="1433-755X",
    doi="10.1007/s10044-014-0402-x",
    url="https://doi.org/10.1007/s10044-014-0402-x"
}

@article{garcia2013new,
  title={New software application for clarifying tear film lipid layer patterns},
  author={Garc{\'\i}a-Res{\'u}a, Carlos and Fern{\'a}ndez, Maria Jes{\'u}s Gir{\'a}ldez and Penedo, Manuel F Gonz{\'a}lez and Calvo, David and Penas, Marta and Yebra-Pimentel, Eva},
  journal={Cornea},
  volume={32},
  number={4},
  pages={538--546},
  year={2013},
  publisher={LWW}
}

@inproceedings{villaverde2014feature,
    author = {G. Villaverde, Daniel and Remeseiro, Beatriz and Barreira, Noelia and G. Penedo, Manuel and Mosquera, Antonio},
    title = {Feature Selection Applied to Human Tear Film Classification},
    booktitle = {Proceedings of the 6th International Conference on Agents and Artificial Intelligence - Volume 1},
    series = {ICAART 2014},
    year = {2014},
    isbn = {978-989-758-015-4},
    location = {ESEO, Angers, Loire Valley, France},
    pages = {395--402},
    numpages = {8},
    url = {http://dx.doi.org/10.5220/0004809403950402},
    doi = {10.5220/0004809403950402},
    acmid = {2970620},
    publisher = {SCITEPRESS - Science and Technology Publications, Lda},
    address = {Portugal}
}

@article{vane1991protect,
    title = "What to protect?—Systematics and the agony of choice",
    journal = "Biological Conservation",
    volume = "55",
    number = "3",
    pages = "235 - 254",
    year = "1991",
    issn = "0006-3207",
    doi = "https://doi.org/10.1016/0006-3207(91)90030-D",
    url = "http://www.sciencedirect.com/science/article/pii/000632079190030D",
    author = "R.I. Vane-Wright and C.J. Humphries and P.H. Williams"
}

@article{izsak2000link,
    title = "A link between ecological diversity indices and measures of biodiversity",
    journal = "Ecological Modelling",
    volume = "130",
    number = "1",
    pages = "151 - 156",
    year = "2000",
    issn = "0304-3800",
    doi = "https://doi.org/10.1016/S0304-3800(00)00203-9",
    url = "http://www.sciencedirect.com/science/article/pii/S0304380000002039",
    author = "J{\'a}nos Izs{\'a}k and L{\'a}szl{\'o} Papp"
}

@article{pienkowski1998taxonomic,
    title = {A taxonomic distinctness index and its statistical properties},
    journal = {Journal of Applied Ecology},
    volume = {35},
    number = {4},
    pages = {523-531},
    year={1998},
    doi = {10.1046/j.1365-2664.1998.3540523.x},
    url = {https://besjournals.onlinelibrary.wiley.com/doi/abs/10.1046/j.1365-2664.1998.3540523.x},
    eprint = {https://besjournals.onlinelibrary.wiley.com/doi/pdf/10.1046/j.1365-2664.1998.3540523.x},
    author = {Clarke, K and Warwick, Richard}
}

@misc{krwarwick,
    author = {Clarke, K and Warwick, Richard},
    year = {2001},
    title = {Change in Marine Communities: An Approach to Statistical Analysis and Interpretation. Primer-E Ltd: Plymouth, UK}
}

@article{gerlinger2012intratumor,
    author={Gerlinger, Marco and Rowan, Andrew J and Horswell, Stuart and Larkin, James and Endesfelder, David and Gronroos, Eva and Martinez, Pierre and Matthews, Nicholas and Stewart, Aengus and Tarpey, Patrick and others},
    title = {Intratumor Heterogeneity and Branched Evolution Revealed by Multiregion Sequencing},
    journal = {New England Journal of Medicine},
    volume = {366},
    number = {10},
    pages = {883-892},
    year = {2012},
    doi = {10.1056/NEJMoa1113205},
    note ={PMID: 22397650},
    URL = {https://doi.org/10.1056/NEJMoa1113205},
    eprint = {https://doi.org/10.1056/NEJMoa1113205}
}

@misc{voptical_gcuvarpa2013,
    author={VOPTICAL{\_}GCU, VARPA},
    title={optical dataset acquired and annotated by optometrists from the Department of Life Sciences, Glasgow Caledonian University (UK), 2013},
    howpublished={http://www.varpa.org/voptical{\_}gcu.html},
    month={jul},
    year={2017}
}

@misc{voptical_gcuvarpa_r,
    author={VOPTICAL{\_}R, VARPA},
    title={optical dataset acquired and annotated by optometrists from the Optometry Service of the University of Santiago de Compostela (Spain) and the Physics Center of the University of Minho (Portugal), 2015},
    howpublished={http://www.varpa.org/voptical{\_}r.html},
    month={may},
    year={2018}
}

@misc{voptical_gcuvarpa_i1-v2,
    author={VOPTICAL{\_}I1-v2, VARPA},
    title={optical dataset acquired and annotated by optometrists from the Optometry Service of the University of Santiago de Compostela (Spain), 2015},
    howpublished={http://www.varpa.org/voptical{\_}I1-v2.html},
    month={may},
    year={2018}
}

@misc{voptical_gcuvarpa_i1,
    author={VOPTICAL{\_}I1, VARPA},
    title={optical dataset acquired and annotated by optometrists from the Optometry Service of the University of Santiago de Compostela (Spain), 2012},
    howpublished={http://www.varpa.org/voptical{\_}I1.html},
    month={may},
    year={2018}
}

@misc{voptical_gcuvarpa_is,
    author={VOPTICAL{\_}Is, VARPA},
    title={optical dataset acquired and annotated by optometrists from the Optometry Service of the University of Santiago de Compostela (Spain), 2013},
    howpublished={http://www.varpa.org/voptical{\_}Is.html},
    month={may},
    year={2018}
}

@article{schweiger2008comparative,
    author="Schweiger, Oliver
    and Klotz, Stefan
    and Durka, Walter
    and K{\"u}hn, Ingolf",
    title="A comparative test of phylogenetic diversity indices",
    journal="Oecologia",
    year="2008",
    month="Sep",
    day="01",
    volume="157",
    number="3",
    pages="485--495",
    issn="1432-1939",
    doi="10.1007/s00442-008-1082-2",
    url="https://doi.org/10.1007/s00442-008-1082-2"
}

@article{duda1973pattern,
  title={Pattern classification and scene analysis},
  author={Duda, Richard},
  journal={New-York, London, Sydny, Tronto A Wiley-Interscience Publication},
  year={1973}
}

@book{vapnik1998statistical,
  title={Statistical learning theory},
  author={Vapnik, Vladimir Naumovich and Vapnik, Vlamimir},
  volume={1},
  year={1998},
  publisher={Wiley New York}
}

@book{gonzalez2008digital,
  title={Digital image processing},
  author={Gonzalez, Rafael and Woods, Richard},
  year={2008},
  publisher={Pearson, Prentice Hall}
}

@article{breiman2001random,
    author="Breiman, Leo",
    title="Random Forests",
    journal="Machine Learning",
    year="2001",
    month="Oct",
    day="01",
    volume="45",
    number="1",
    pages="5--32",
    issn="1573-0565",
    doi="10.1023/A:1010933404324",
    url="https://doi.org/10.1023/A:1010933404324"
}

@book{jensen1996introduction,
  title={An introduction to Bayesian networks},
  author={Jensen, Finn V},
  volume={210},
  year={1996},
  isbn = {0387915028},
  publisher={UCL press London}
}

@book{nielsen2009bayesian,
  title={Bayesian networks and decision graphs},
  author={Nielsen, Thomas Dyhre and Jensen, Finn Verner},
  year={2009},
  publisher={Springer Science \& Business Media}
}

@article{biau2012analysis,
    author = {Biau, G{\'e}rard},
    title = {Analysis of a Random Forests Model},
    journal = {J. Mach. Learn. Res.},
    issue_date = {January 2012},
    volume = {13},
    number = {1},
    month = apr,
    year = {2012},
    issn = {1532-4435},
    pages = {1063--1095},
    numpages = {33},
    url = {http://dl.acm.org/citation.cfm?id=2503308.2343682},
    acmid = {2343682},
    publisher = {JMLR.org},
} 

@book{scholkopf2002learning,
    title = {Learning with Kernels: Support Vector Machines, Regularization, Optimization, and Beyond},
    author = {Sch{\"o}lkopf, B. and Smola, AJ.},
    pages = {644},
    series = {Adaptive Computation and Machine Learning},
    publisher = {MIT Press},
    organization = {Max-Planck-Gesellschaft},
    school = {Biologische Kybernetik},
    address = {Cambridge, MA, USA},
    month = dec,
    year = {2002},
    note = {Parts of this book, including an introduction to kernel methods, can be downloaded "http://www.learning-with-kernels.org/sections/".},
    month_numeric = {12}
}

@article{chang2011libsvm,
    author = {Chang, Chih-Chung and Lin, Chih-Jen},
    title = {LIBSVM: A Library for Support Vector Machines},
    journal = {ACM Trans. Intell. Syst. Technol.},
    issue_date = {April 2011},
    volume = {2},
    number = {3},
    month = may,
    year = {2011},
    issn = {2157-6904},
    pages = {27:1--27:27},
    articleno = {27},
    numpages = {27},
    url = {http://doi.acm.org/10.1145/1961189.1961199},
    doi = {10.1145/1961189.1961199},
    acmid = {1961199},
    publisher = {ACM},
    address = {New York, NY, USA}
} 

@article{hall2009weka,
    author = {Hall, Mark and Frank, Eibe and Holmes, Geoffrey and Pfahringer, Bernhard and Reutemann, Peter and Witten, Ian H.},
    title = {The WEKA Data Mining Software: An Update},
    journal = {SIGKDD Explor. Newsl.},
    issue_date = {June 2009},
    volume = {11},
    number = {1},
    month = nov,
    year = {2009},
    issn = {1931-0145},
    pages = {10--18},
    numpages = {9},
    url = {http://doi.acm.org/10.1145/1656274.1656278},
    doi = {10.1145/1656274.1656278},
    acmid = {1656278},
    publisher = {ACM},
    address = {New York, NY, USA},
} 

@article{rodriguez2010sensitivity, 
    author={J. D. Rodriguez and A. Perez and J. A. Lozano}, 
    journal={IEEE Transactions on Pattern Analysis and Machine Intelligence}, 
    title={Sensitivity Analysis of k-Fold Cross Validation in Prediction Error Estimation}, 
    year={2010}, 
    volume={32}, 
    number={3}, 
    pages={569-575}, 
    doi={10.1109/TPAMI.2009.187}, 
    ISSN={0162-8828}, 
    month={March}
}

@article{hanley1998receiver,
  title={Receiver operating characteristic (ROC) curves},
  author={Hanley, James A},
  journal={Encyclopedia of biostatistics},
  year={1998},
  publisher={Wiley Online Library}
}

@article{viera2005understanding,
  title={Understanding interobserver agreement: the kappa statistic},
  author={Viera, Anthony J and Garrett, Joanne M and others},
  journal={Fam Med},
  volume={37},
  number={5},
  pages={360--363},
  year={2005}
}

@article{faith1992conservation,
    title = "Conservation evaluation and phylogenetic diversity",
    journal = "Biological Conservation",
    volume = "61",
    number = "1",
    pages = "1 - 10",
    year = "1992",
    issn = "0006-3207",
    doi = "https://doi.org/10.1016/0006-3207(92)91201-3",
    url = "http://www.sciencedirect.com/science/article/pii/0006320792912013",
    author = "Daniel P. Faith"
}

@article{weitzman1992diversity,
    author = {Weitzman, Martin L.},
    title = {On Diversity*},
    journal = {The Quarterly Journal of Economics},
    volume = {107},
    number = {2},
    pages = {363-405},
    year = {1992},
    doi = {10.2307/2118476},
    URL = {http://dx.doi.org/10.2307/2118476},
    eprint = {/oup/backfile/content_public/journal/qje/107/2/10.2307/2118476/2/107-2-363.pdf}
}

@book{dean2014big,
  title={Big data, data mining, and machine learning: value creation for business leaders and practitioners},
  author={Dean, Jared},
  year={2014},
  publisher={John Wiley \& Sons}
}

@article{de2017lung,
    author="de Carvalho Filho, Antonio Oseas
    and Silva, Arist{\'o}fanes Corr{\^e}a
    and de Paiva, Anselmo Cardoso
    and Nunes, Rodolfo Acatauass{\'u}
    and Gattass, Marcelo",
    title="Lung-Nodule Classification Based on Computed Tomography Using Taxonomic Diversity Indexes and an SVM",
    journal="Journal of Signal Processing Systems",
    year="2017",
    month="May",
    day="01",
    volume="87",
    number="2",
    pages="179--196",
    issn="1939-8115",
    doi="10.1007/s11265-016-1134-5",
    url="https://doi.org/10.1007/s11265-016-1134-5"
}

@article{de2017computer,
    author="de Carvalho Filho, Antonio Oseas
    and Silva, Arist{\'o}fanes Corr{\^e}a
    and Cardoso de Paiva, Anselmo
    and Nunes, Rodolfo Acatauass{\'u}
    and Gattass, Marcelo",
    title="Computer-Aided Diagnosis of Lung Nodules in Computed Tomography by Using Phylogenetic Diversity, Genetic Algorithm, and SVM",
    journal="Journal of Digital Imaging",
    year="2017",
    month="Dec",
    day="01",
    volume="30",
    number="6",
    pages="812--822",
    issn="1618-727X",
    doi="10.1007/s10278-017-9973-6",
    url="https://doi.org/10.1007/s10278-017-9973-6"
}

@article{de2015classification,
    title = "Classification of breast regions as mass and non-mass based on digital mammograms using taxonomic indexes and SVM",
    journal = "Computers in Biology and Medicine",
    volume = "57",
    pages = "42 - 53",
    year = "2015",
    issn = "0010-4825",
    doi = "https://doi.org/10.1016/j.compbiomed.2014.11.016",
    url = "http://www.sciencedirect.com/science/article/pii/S0010482514003357",
    author = "Fernando Soares Sérvulo de Oliveira and Antonio Oseas de Carvalho Filho and Aristófanes Corrêa Silva and Anselmo Cardoso de Paiva and Marcelo Gattass"
}

@article{fawcett2006introduction,
    title = "An introduction to ROC analysis",
    journal = "Pattern Recognition Letters",
    volume = "27",
    number = "8",
    pages = "861 - 874",
    year = "2006",
    note = "ROC Analysis in Pattern Recognition",
    issn = "0167-8655",
    doi = "https://doi.org/10.1016/j.patrec.2005.10.010",
    url = "http://www.sciencedirect.com/science/article/pii/S016786550500303X",
    author = "Tom Fawcett"
}

@article{rosenfield1986coefficient,
  title={A coefficient of agreement as a measure of thematic classification accuracy.},
  author={Rosenfield, George H and Fitzpatrick-Lins, Katherine},
  journal={Photogrammetric engineering and remote sensing},
  volume={52},
  number={2},
  pages={223--227},
  year={1986}
}

@article{landis1977measurement,
    ISSN = {0006341X, 15410420},
    URL = {http://www.jstor.org/stable/2529310},
    author = {J. Richard Landis and Gary G. Koch},
    journal = {Biometrics},
    number = {1},
    pages = {159--174},
    publisher = {[Wiley, International Biometric Society]},
    title = {The Measurement of Observer Agreement for Categorical Data},
    volume = {33},
    year = {1977}
}

@article{rodrigues2002maximising,
    title = "Maximising phylogenetic diversity in the selection of networks of conservation areas",
    journal = "Biological Conservation",
    volume = "105",
    number = "1",
    pages = "103 - 111",
    year = "2002",
    issn = "0006-3207",
    doi = "https://doi.org/10.1016/S0006-3207(01)00208-7",
    url = "http://www.sciencedirect.com/science/article/pii/S0006320701002087",
    author = "Ana S.L Rodrigues and Kevin J Gaston"
}

@misc{carvalho2016metodos,
  title={M{\'e}todos para sistemas CAD e CADx de n{\'o}dulo pulmonar baseada em tomografia computadorizada usando an{\'a}lise de forma e textura},
  author={Carvalho Filho, Antonio Oseas de and others},
  year={2016},
  publisher={Universidade Federal do Maranh{\~a}o}
}

@techreport{broomhead1988radial,
  title={Radial basis functions, multi-variable functional interpolation and adaptive networks},
  author={Broomhead, David S and Lowe, David},
  year={1988},
  institution={Royal Signals and Radar Establishment Malvern (United Kingdom)}
}

@article{monika2015di,
  title={DI-ANN clustering algorithm for pruning in MLP neural network},
  author={Monika, P and Venkatesan, D},
  journal={Indian Journal of Science and Technology},
  volume={8},
  number={16},
  pages={1},
  year={2015},
  publisher={Indian Society for Education and Environment}
}

@article{ccesmeli2001texture,
  title={Texture segmentation using Gaussian-Markov random fields and neural oscillator networks},
  author={{\c{C}}esmeli, Erdogan and Wang, D},
  journal={IEEE Transactions on neural networks},
  volume={12},
  number={2},
  pages={394--404},
  year={2001},
  doi={10.1109/ICNN.1997.614120}, 
  publisher={IEEE}
}

@TECHREPORT{hall1999correlation,
    author = {Mark A. Hall},
    title = {Correlation-based Feature Selection for Machine Learning},
    institution = {University of Waikato Hamilton},
    year = {1999}
}

@article{dash2003consistency,
    title = "Consistency-based search in feature selection",
    journal = "Artificial Intelligence",
    volume = "151",
    number = "1-2",
    pages = "155 - 176",
    year = "2003",
    issn = "0004-3702",
    doi = "https://doi.org/10.1016/S0004-3702(03)00079-1",
    url = "http://www.sciencedirect.com/science/article/pii/S0004370203000791",
    author = "Manoranjan Dash and Huan Liu"
}

@inproceedings{zhao2007searching,
  title={Searching for Interacting Features},
  author={Zhao, Zheng and Liu, Huan},
  booktitle={IJCAI},
  volume={7},
  pages={1156--1161},
  year={2007}
}

@article{vapnik1999overview,
  title={An overview of statistical learning theory},
  author={Vapnik, Vladimir Naumovich},
  journal={IEEE transactions on neural networks},
  volume={10},
  number={5},
  pages={988--999},
  year={1999},
  doi={10.1109/72.788640}, 
  ISSN={1045-9227}
}

@article{remeseiro2016casdes,
  title={CASDES: a computer-aided system to support dry eye diagnosis based on tear film maps},
  author={Remeseiro, Beatriz and Mosquera, Antonio and Penedo, Manuel G},
  journal={IEEE journal of biomedical and health informatics},
  volume={20},
  number={3},
  pages={936--943},
  year={2016},
  doi={10.1109/JBHI.2015.2419316}, 
  ISSN={2168-2194}
}

@article{remeseiro2016ideas,
    title = "iDEAS: A web-based system for dry eye assessment",
    journal = "Computer Methods and Programs in Biomedicine",
    volume = "130",
    pages = "186 - 197",
    year = "2016",
    issn = "0169-2607",
    doi = "https://doi.org/10.1016/j.cmpb.2016.02.015",
    url = "http://www.sciencedirect.com/science/article/pii/S0169260715301644",
    author = "Beatriz Remeseiro and Noelia Barreira and Carlos García-Resúa and Madalena Lira and María J. Giráldez and Eva Yebra-Pimentel and Manuel G. Penedo"
}

@article{remeseiro2014methodology,
  title={A methodology for improving tear film lipid layer classification},
  author={Remeseiro, Beatriz and Bolon-Canedo, Veronica and Peteiro-Barral, Diego and Alonso-Betanzos, Amparo and Guijarro-Berdinas, Bertha and Mosquera, Antonio and Penedo, Manuel G and S{\'a}nchez-Marono, Noelia},
  journal={IEEE journal of biomedical and health informatics},
  volume={18},
  number={4},
  pages={1485--1493},
  doi={10.1109/JBHI.2013.2294732}, 
  ISSN={2168-2194},
  year={2014},
  publisher={IEEE}
}

@inproceedings{remeseiro2011colour,
  title={Colour texture analysis for classifying the tear film lipid layer: a comparative study},
  author={Remeseiro, Beatriz and Ramos, Luc{\'\i}a and Penas, Marta and Martinez, Enrique and Penedo, Manuel G and Mosquera, A},
  booktitle={Digital image computing techniques and applications (dicta), 2011 international conference on},
  pages={268--273},
  doi={10.1109/DICTA.2011.51},
  year={2011},
  organization={IEEE}
}

@article{doi2007computer,
    title = "Computer-aided diagnosis in medical imaging: Historical review, current status and future potential",
    journal = "Computerized Medical Imaging and Graphics",
    volume = "31",
    number = "4",
    pages = "198 - 211",
    year = "2007",
    note = "Computer-aided Diagnosis (CAD) and Image-guided Decision Support",
    issn = "0895-6111",
    doi = "https://doi.org/10.1016/j.compmedimag.2007.02.002",
    url = "http://www.sciencedirect.com/science/article/pii/S0895611107000262",
    author = "Kunio Doi"
}

@article{moss2000prevalence,
    author = {MOSS, Scot E and KLEIN, Ronald and KLEIN, Barbara EK},
    title = {Prevalence of and risk factors for dry eye syndrome},
    journal = {Archives of Ophthalmology},
    volume = {118},
    number = {9},
    pages = {1264-1268},
    year = {2000},
    publisher={American Medical Association},
    doi = {10.1001/archopht.118.9.1264},
    URL = {http://dx.doi.org/10.1001/archopht.118.9.1264},
    eprint = {/data/journals/ophth/9878/eeb90020.pdf}
}

@article{schaumberg2003prevalence,
    title = "Prevalence of dry eye syndrome among US women",
    journal = "American Journal of Ophthalmology",
    volume = "136",
    number = "2",
    pages = "318 - 326",
    year = "2003",
    issn = "0002-9394",
    doi = "https://doi.org/10.1016/S0002-9394(03)00218-6",
    url = "http://www.sciencedirect.com/science/article/pii/S0002939403002186",
    author = "Debra A Schaumberg and David A Sullivan and Julie E Buring and M.Reza Dana"
}

@Article{valim2015current,
    author="Valim, Val{\'e}ria
    and Trevisani, Virginia Fernandes Mo{\c{c}}a
    and de Sousa, Jacqueline Martins
    and Vilela, Ver{\^o}nica Silva
    and Belfort, Rubens",
    title="Current Approach to Dry Eye Disease",
    journal="Clinical Reviews in Allergy {\&} Immunology",
    year="2015",
    month="Dec",
    day="01",
    volume="49",
    number="3",
    pages="288--297",
    issn="1559-0267",
    doi="10.1007/s12016-014-8438-7",
    url="https://doi.org/10.1007/s12016-014-8438-7"
}

@article{janine2007epidemiology,
    title = "The Epidemiology of Dry Eye Disease: Report of the Epidemiology Subcommittee of the International Dry Eye WorkShop (2007)",
    author= "Janine, AS",
    journal = "The Ocular Surface",
    volume = "5",
    number = "2",
    pages = "93 - 107",
    year = "2007",
    issn = "1542-0124",
    doi = "https://doi.org/10.1016/S1542-0124(12)70082-4",
    url = "http://www.sciencedirect.com/science/article/pii/S1542012412700824"
}

@article{listed2007definition,
    title = "The Definition and Classification of Dry Eye Disease: Report of the Definition and Classification Subcommittee of the International Dry Eye Workshop (2007)",
    author = "Listed, NA",
    journal = "The Ocular Surface",
    volume = "5",
    number = "2",
    pages = "75 - 92",
    year = "2007",
    issn = "1542-0124",
    doi = "https://doi.org/10.1016/S1542-0124(12)70081-2",
    url = "http://www.sciencedirect.com/science/article/pii/S1542012412700812"
}

@article{sweeney2013tear,
    title = "Tear film stability: A review",
    journal = "Experimental Eye Research",
    volume = "117",
    pages = "28 - 38",
    year = "2013",
    note = "Tears: A Unique Mucosal Surface Secretion",
    issn = "0014-4835",
    doi = "https://doi.org/10.1016/j.exer.2013.08.010",
    url = "http://www.sciencedirect.com/science/article/pii/S0014483513002492",
    author = "Deborah F. Sweeney and Thomas J. Millar and Shiwani R. Raju"
}

@article{tong2010impact,
  author = {Tong, L and Waduthantri, S and Wong, T Y and Saw, S M and Wang, J J and Rosman, M and Lamoureux, E},
  year = {2010},
  title = {Impact of symptomatic dry eye on vision-related daily activities: The Singapore Malay Eye Study},
  journal = {Eye},
  publisher = {Nature Publishing Group},
  issn = {1476-5454},
  doi = {10.1038/eye.2010.67},
  volume = {24},
  month = {5},
  pages = {1486},
  number = {9},
  url = {https://doi.org/10.1038/eye.2010.67}
}


@article{miljanovic2007impact,
    title = "Impact of Dry Eye Syndrome on Vision-Related Quality of Life",
    journal = "American Journal of Ophthalmology",
    volume = "143",
    number = "3",
    pages = "409 - 415.e2",
    year = "2007",
    issn = "0002-9394",
    doi = "https://doi.org/10.1016/j.ajo.2006.11.060",
    url = "http://www.sciencedirect.com/science/article/pii/S000293940601378X",
    author = "Biljana Miljanovi{\'c} and Reza Dana and David A. Sullivan and Debra A. Schaumberg"
}

@article{de2018classification,
    title = "Classification of patterns of benignity and malignancy based on CT using topology-based phylogenetic diversity index and convolutional neural network",
    journal = "Pattern Recognition",
    volume = "81",
    pages = "200 - 212",
    year = "2018",
    issn = "0031-3203",
    doi = "https://doi.org/10.1016/j.patcog.2018.03.032",
    url = "http://www.sciencedirect.com/science/article/pii/S0031320318301237",
    author = "Antonio Oseas de Carvalho Filho and Aristofanes Corrêa Silva and Anselmo Cardoso de Paiva and Rodolfo Acatauassú Nunes and Marcelo Gattass",
    keywords = "Lung cancer, Phylogenetic diversity index, Convolutional neural network"
}

@article{keith2005taxonomic,
    author = {Keith M. and Chimimba C. T. and Reyers B. and Jaarsveld A. S.},
    title = {Taxonomic and phylogenetic distinctiveness in regional conservation assessments: a case study based on extant South African Chiroptera and Carnivora},
    journal = {Animal Conservation},
    volume = {8},
    number = {3},
    pages = {279-288},
    year={2005},
    doi = {10.1017/S1367943005002192},
    url = {https://zslpublications.onlinelibrary.wiley.com/doi/abs/10.1017/S1367943005002192},
    eprint = {https://zslpublications.onlinelibrary.wiley.com/doi/pdf/10.1017/S1367943005002192}
}

@article{posadas2001using,
    author = {Posadas Paula and Esquivel Daniel R. Miranda and Crisci Jorge V.},
    title = {Using Phylogenetic Diversity Measures to Set Priorities in Conservation: an Example from Southern South America},
    journal = {Conservation Biology},
    volume = {15},
    number = {5},
    pages = {1325-1334},
    year={2001},
    doi = {10.1111/j.1523-1739.2001.99404.x},
    url = {https://onlinelibrary.wiley.com/doi/abs/10.1111/j.1523-1739.2001.99404.x},
    eprint = {https://onlinelibrary.wiley.com/doi/pdf/10.1111/j.1523-1739.2001.99404.x}
}

@article{lancaster2004spatial,
    title={Spatial point pattern analysis of available and exploited resources},
    author={Lancaster, Jill and J Downes, Barbara},
    journal={Ecography},
    volume={27},
    number={1},
    pages={94--102},
    year={2004},
    publisher={Wiley Online Library}
}

@article{ripley1977modelling,
    ISSN = {00359246},
    URL = {http://www.jstor.org/stable/2984796},
    author = {Ripley, Brian D},
    journal = {Journal of the Royal Statistical Society. Series B (Methodological)},
    number = {2},
    pages = {172--212},
    publisher = {[Royal Statistical Society, Wiley]},
    title = {Modelling Spatial Patterns},
    volume = {39},
    year = {1977}
}

@mastersthesis{martins2007detecccao,
    title={Detec{\c{c}}{\~a}o de Massas em Imagens Mamogr{\'a}ficas Atrav{\'e}s do Algoritmo Growing Neural Gas e da Fun{\c{c}}{\~a}o K De Ripley},
    author={Martins, Leonardo Oliveira},
     year={2007},
    school={Universidade Federal do Maranh{\~a}o}
}

@book{plataniotis2013color,
    title={Color image processing and applications},
    author={Plataniotis, Konstantinos N and Venetsanopoulos, Anastasios N},
    year={2013},
    publisher={Springer Science \& Business Media}
}

@article{ojala1996comparative,
    title = "A comparative study of texture measures with classification based on featured distributions",
    journal = "Pattern Recognition",
    volume = "29",
    number = "1",
    pages = "51 - 59",
    year = "1996",
    issn = "0031-3203",
    doi = "https://doi.org/10.1016/0031-3203(95)00067-4",
    url = "http://www.sciencedirect.com/science/article/pii/0031320395000674",
    author = "Timo Ojala and Matti Pietikäinen and David Harwood",
    keywords = "Texture analysis, Classification, Feature distribution, Brodatz textures, Kullback discriminant, Performance evaluation"
}

@article{ambelu2010comparison,
    title = "Comparison of modelling techniques to predict macroinvertebrate community composition in rivers of Ethiopia",
    journal = "Ecological Informatics",
    volume = "5",
    number = "2",
    pages = "147 - 152",
    year = "2010",
    issn = "1574-9541",
    doi = "https://doi.org/10.1016/j.ecoinf.2009.12.004",
    url = "http://www.sciencedirect.com/science/article/pii/S1574954109001083",
    author = "Argaw Ambelu and Koen Lock and Peter Goethals",
    keywords = "Classification tree, Support vector machines, Model optimisation, Greedy stepwise, Genetic algorithm"
}

@article{begley2002use,
    title={Use of the dry eye questionnaire to measure symptoms of ocular irritation in patients with aqueous tear deficient dry eye},
    author={Begley, Carolyn G and Caffery, Barbara and Chalmers, Robin L and Mitchell, G Lynn and others},
    journal={Cornea},
    volume={21},
    number={7},
    pages={664--670},
    year={2002},
    publisher={LWW}
}

@article{STAPLETON2017334,
    title = "TFOS DEWS II Epidemiology Report",
    journal = "The Ocular Surface",
    volume = "15",
    number = "3",
    pages = "334 - 365",
    year = "2017",
    note = "TFOS International Dry Eye WorkShop (DEWS II)",
    issn = "1542-0124",
    doi = "https://doi.org/10.1016/j.jtos.2017.05.003",
    url = "http://www.sciencedirect.com/science/article/pii/S154201241730109X",
    author = "Fiona Stapleton and Monica Alves and Vatinee Y. Bunya and Isabelle Jalbert and Kaevalin Lekhanont and Florence Malet and Kyung-Sun Na and Debra Schaumberg and Miki Uchino and Jelle Vehof and Eloy Viso and Susan Vitale and Lyndon Jones",
    keywords = "Dry eye disease, Incidence, Natural history, Prevalence, Quality of life, Questionnaire, Risk factor, Societal cost"
}

@article{delgado14a,
  author  = {Manuel Fern\'{a}ndez-Delgado and Eva Cernadas and Sen\'{e}n Barro and Dinani Amorim},
  title   = {Do we Need Hundreds of Classifiers to Solve Real World Classification Problems?},
  journal = {Journal of Machine Learning Research},
  year    = {2014},
  volume  = {15},
  pages   = {3133-3181},
  url     = {http://jmlr.org/papers/v15/delgado14a.html}
}

@article{dry2007definition,
  title={The definition and classification of dry eye disease: report of the Definition and Classification Subcommittee of the International Dry Eye Workshop},
  author={Dry Eye Workshop},
  journal={Ocul Surf},
  volume={5},
  pages={75--92},
  year={2007}
}

@article{lemp2012distribution,
  title={Distribution of aqueous-deficient and evaporative dry eye in a clinic-based patient cohort: a retrospective study},
  author={Lemp, Michael A and Crews, Leslie A and Bron, Anthony J and Foulks, Gary N and Sullivan, Benjamin D},
  journal={Cornea},
  volume={31},
  number={5},
  pages={472--478},
  year={2012},
  publisher={LWW}
}

@article{sivaraj2007ocular,
  title={Ocular manifestations of systemic lupus erythematosus},
  author={Sivaraj, RR and Durrani, OM and Denniston, AK and Murray, PI and Gordon, Caroline},
  journal={Rheumatology},
  volume={46},
  number={12},
  pages={1757--1762},
  year={2007},
  publisher={Oxford University Press}
}

@article{waszczykowska2013prevalence,
  title={Prevalence of ocular manifestations in systemic sclerosis patients},
  author={Waszczykowska, Arleta and Go{\'s}, Roman and Waszczykowska, El{\.z}bieta and Dziankowska-Bartkowiak, Bo{\.z}ena and Jurowski, Piotr},
  journal={Archives of medical science: AMS},
  volume={9},
  number={6},
  pages={1107},
  year={2013},
  publisher={Termedia Publishing}
}

@article{fox1994systemic,
  title={Systemic diseases associated with dry eye},
  author={Fox, Robert I},
  journal={International ophthalmology clinics},
  volume={34},
  number={1},
  pages={71--87},
  year={1994},
  publisher={LWW}
}

@article{fonseca2010olho,
  title={Olho seco: etiopatogenia e tratamento},
  author={Fonseca, Ellen Carrara and Arruda, Gustavo Viani and Rocha, Eduardo Melani and others},
  journal={Arquivos Brasileiros de Oftalmologia},
  volume={73},
  number={2},
  pages={197--203},
  year={2010},
  publisher={Conselho Brasileiro de Oftalmologia}
}

@article{GUILLON1998S31,
    title = "Non-invasive tearscope plus routine for contact lens fitting",
    journal = "Contact Lens and Anterior Eye",
    volume = "21",
    pages = "S31 - S40",
    year = "1998",
    issn = "1367-0484",
    doi = "https://doi.org/10.1016/S1367-0484(98)80035-0",
    url = "http://www.sciencedirect.com/science/article/pii/S1367048498800350",
    author = "Jean-Pierre Guillon",
    keywords = "Keeler Tearscope Plus, tears, pre-ocular tear film, pre-lens tear film"
}

@article{efron2012,
    title={Contact Lens Complications},
    author={N Efron},
    journal={The Lancet},
    year={2012},
    publisher={New York, NY, USA: Elsevier}
}

@article{king1999three,
    title={Three interferometric methods for measuring the thickness of layers of the tear film.},
    author={King-Smith, P Ewen and Fink, Barbara A and Fogt, Nick},
    journal={Optometry and vision science: official publication of the American Academy of Optometry},
    volume={76},
    number={1},
    pages={19--32},
    year={1999}
}

@article{BRAZJUNIOR20091063,
    title = "Classification of breast tissues using Moran's index and Geary's coefficient as texture signatures and SVM",
    journal = "Computers in Biology and Medicine",
    volume = "39",
    number = "12",
    pages = "1063 - 1072",
    year = "2009",
    issn = "0010-4825",
    doi = "https://doi.org/10.1016/j.compbiomed.2009.08.009",
    url = "http://www.sciencedirect.com/science/article/pii/S0010482509001620",
    author = "Geraldo Braz Junior and Anselmo Cardoso de Paiva and Aristófanes Corrêa Silva and Alexandre Cesar Muniz de Oliveira",
    keywords = "Mammography, Breast tissue classification, Moran's index, Geary's coefficient, Support vector machine"
}

@article{16085910409503825,
    author = {Jay O\'Keeffe },
    title = {Measuring Biological Diversity},
    journal = {African Journal of Aquatic Science},
    volume = {29},
    number = {2},
    pages = {285-286},
    year  = {2004},
    publisher = {Taylor \& Francis},
    URL = {https://doi.org/10.2989/16085910409503825}
}

@book{azevedo2003computaccao,
  title={Computa{\c{c}}{\~a}o gr{\'a}fica: teoria e pr{\'a}tica},
  author={Azevedo, Eduardo and Conci, Aura},
  year={2003},
  publisher={Elsevier. CAMPUS - RJ, ISBN 9788535212525},
}

@article{CASTELLANO20041061,
    title = "Texture analysis of medical images",
    journal = "Clinical Radiology",
    volume = "59",
    number = "12",
    pages = "1061 - 1069",
    year = "2004",
    issn = "0009-9260",
    doi = "https://doi.org/10.1016/j.crad.2004.07.008",
    url = "http://www.sciencedirect.com/science/article/pii/S000992600400265X",
    author = "G. Castellano and L. Bonilha and L.M. Li and F. Cendes",
    keywords = "Images, analysis, Images, processing, Diagnostic radiology, Magnetic resonance (MR), tissue characterization, Computed tomography (CT), tissue characterization, Ultrasound (US), tissue characterization"
}

@mastersthesis{morais1999discriminaccao,
  title={Discrimina{\c{c}}{\~a}o de Lateritas Mineralizadas em Ferro no Dep{\'o}sito de N1 (Caraj{\'a}s-PA) por Radar Imageador: Uma Avalia{\c{c}}{\~a}o atrav{\'e}s de Classifica{\c{c}}{\~a}o Textural},
  author={Morais, Maria Carolina},
  year={1998},
  note={Acesso em 29/10/2018.},
  url = {http://www.worldcat.org/oclc/46758149/},
  school={Instituto Nacional de Pesquisas Espaciais - INPE}
}

@mastersthesis{felipe2002utilizando,
  title={Utilizando caracter{\'\i}sticas de textura para identifica{\c{c}}{\~a}o de tecidos em imagens m{\'e}dicas},
  author={Felipe, Joaquim Cezar},
  volume={2},
  school={Instituto de Ciências Matemáticas e de Computação - Universidade de São Paulo, São Carlos/SP},
  year={2003}
}

@book{magurran2013measuring,
  title={Measuring biological diversity},
  author={Magurran, Anne E},
  year={2013},
  publisher={John Wiley \& Sons}
}

@article{gutin2002traveling,
  title={Traveling salesman should not be greedy: domination analysis of greedy-type heuristics for the TSP},
  author={Gutin, Gregory and Yeo, Anders and Zverovich, Alexey},
  journal={Discrete Applied Mathematics},
  volume={117},
  number={1-3},
  pages={81--86},
  year={2002},
  publisher={Elsevier}
}

@article{de2005system,
  title={A system to enhance details on partially shadowed images},
  author={de Melo, Rafael Heitor Correia and Vieira, EA and Conci, Aura and Karras, A and Voliotos, S and Rangousee, M and Kokkosis, A},
  journal={by A. Karras, S. Voliotos, M. Rangouse and A. Kokkosis},
  pages={309--312},
  year={2005}
}

@book{looney1997pattern,
  title={Pattern recognition using neural networks: theory and algorithms for engineers and scientists},
  author={Looney, Carl G and others},
  year={1997},
  publisher={Oxford University Press New York}
}

@book{Theodoridis:2008:PRF:1457541,
 author = {Theodoridis, Sergios and Koutroumbas, Konstantinos},
 title = {Pattern Recognition, Fourth Edition},
 year = {2008},
 isbn = {1597492728, 9781597492720},
 edition = {4th},
 publisher = {Academic Press, Inc.},
 address = {Orlando, FL, USA},
} 

@book{Duda:2000:PC:954544,
 author = {Duda, Richard O. and Hart, Peter E. and Stork, David G.},
 title = {Pattern Classification (2Nd Edition)},
 year = {2000},
 isbn = {0471056693},
 publisher = {Wiley-Interscience},
 address = {New York, NY, USA},
} 

@article{john2010elements,
  title={The elements of statistical learning: data mining, inference, and prediction},
  author={John Lu, ZQ},
  journal={Journal of the Royal Statistical Society: Series A (Statistics in Society)},
  volume={173},
  number={3},
  pages={693--694},
  year={2010},
  publisher={Wiley Online Library}
}

@article{guillon1998non,
    title = "Non-invasive tearscope plus routine for contact lens fitting",
    journal = "Contact Lens and Anterior Eye",
    volume = "21",
    pages = "S31 - S40",
    year = "1998",
    issn = "1367-0484",
    doi = "https://doi.org/10.1016/S1367-0484(98)80035-0",
    url = "http://www.sciencedirect.com/science/article/pii/S1367048498800350",
    author = "Guillon, Jean-Pierre"
}

@article{guillon1997tearscope,
  title={Tearscope plus clinical hand book and tearscope plus instructions},
  author={Guillon, JP and Guillon, M},
  journal={Keeler Ltd., Keeler Inc, Windsor, Broomall},
  year={1997}
}

@article{doi:10.2989/16085910409503825,
    author = { Jay   O'Keeffe },
    title = {Measuring Biological Diversity},
    journal = {African Journal of Aquatic Science},
    volume = {29},
    number = {2},
    pages = {285-286},
    year  = {2004},
    publisher = {Taylor & Francis},
    URL = {https://doi.org/10.2989/16085910409503825}
}

@book{clark1979practical,
  title={Practical geostatistics},
  author={Clark, Isobel},
  volume={3},
  year={1979},
  publisher={Applied Science Publishers London}
}

@article{cooper1992bayesian,
  title={A Bayesian method for the induction of probabilistic networks from data},
  author={Cooper, Gregory F and Herskovits, Edward},
  journal={Machine learning},
  volume={9},
  number={4},
  pages={309--347},
  year={1992},
  publisher={Springer}
}

@article{remeseiro2012statistical,
  title={Statistical comparison of classifiers applied to the interferential tear film lipid layer automatic classification},
  author={Remeseiro, Beatriz and Penas, Marta and Mosquera, A and Novo, Jorge and Penedo, MG and Yebra-Pimentel, Eva},
  journal={Computational and mathematical methods in medicine},
  volume={2012},
  year={2012},
  publisher={Hindawi}
}

@inproceedings{mendez2013evaluation,
  title={Evaluation of class binarization and feature selection in tear film classification using topsis},
  author={M{\'e}ndez, Rebeca and Remeseiro, Beatriz and Peteiro-Barral, Diego and Penedo, Manuel G},
  booktitle={International Conference on Agents and Artificial Intelligence},
  pages={179--193},
  year={2013},
  organization={Springer}
}

@inproceedings{calvo2010color,
  title={Color texture analysis for tear film classification: a preliminary study},
  author={Calvo, David and Mosquera, A and Penas, Marta and Garc{\'\i}a-Res{\'u}a, Carlos and Remeseiro, Beatriz},
  booktitle={International Conference Image Analysis and Recognition},
  pages={388--397},
  year={2010},
  organization={Springer}
}

@inproceedings{ramos2011texture,
  title={Texture and color analysis for the automatic classification of the eye lipid layer},
  author={Ramos, Luc{\'\i}a and Penas, Marta and Remeseiro, Beatriz and Mosquera, A and Barreira, Noelia and Yebra-Pimentel, Eva},
  booktitle={International Work-Conference on Artificial Neural Networks},
  pages={66--73},
  year={2011},
  organization={Springer}
}

@article{nasrabadi2007pattern,
  title={Pattern recognition and machine learning},
  author={Nasrabadi, Nasser M},
  journal={Journal of electronic imaging},
  volume={16},
  number={4},
  pages={049901},
  year={2007},
  publisher={International Society for Optics and Photonics}
}

@article{inbookMachineLearning,
    author = {Remeseiro, Beatriz and Barreira, Noelia and Sánchez Brea, Luisa and Ramos, Lucía and Mosquera, Antonio},
    year = {2018},
    month = {01},
    pages = {123-160},
    title = {Machine Learning Applied to Optometry Data},
    isbn = {978-3-319-67512-1},
    journal = {Intelligent Systems Reference Library},
    doi = {10.1007/978-3-319-67513-8_7},
    publisher={Springer, Cham}
}

@MISC {UnderstandingDryEye,
    author       = "Systane",
    title        = "Understanding Dry Eye",
    howpublished = "https://www.systane.com/systane/dry-eyes/what-are-tears/",
    month        = "jan",
    year         = "2016",
    note         = "Online; acessado 01 Outubro 2018"
}

@article{hsu2002comparison,
  title={A comparison of methods for multiclass support vector machines},
  author={Hsu, Chih-Wei and Lin, Chih-Jen},
  journal={IEEE transactions on Neural Networks},
  volume={13},
  number={2},
  pages={415--425},
  year={2002},
  publisher={IEEE}
}

@book{baxevanis2004bioinformatics,
  title={Bioinformatics: a practical guide to the analysis of genes and proteins},
  author={Baxevanis, Andreas D and Ouellette, BF Francis},
  volume={43},
  year={2004},
  publisher={John Wiley \& Sons}
}

@article{CARVALHO2018210,
    title = "Method of differentiation of benign and malignant masses in digital mammograms using texture analysis based on phylogenetic diversity",
    journal = "Computers & Electrical Engineering",
    volume = "67",
    pages = "210 - 222",
    year = "2018",
    issn = "0045-7906",
    doi = "https://doi.org/10.1016/j.compeleceng.2018.03.038",
    url = "http://www.sciencedirect.com/science/article/pii/S0045790617334663",
    author = "Edson Damasceno Carvalho and Antonio Oseas de Carvalho Filho and Alcilene Dalília de Sousa and Aristófanes Corrêa Silva and Marcelo Gattass"
}